@book{edwards1974riemann,
  title={Riemann's Zeta Function},
  author={Edwards, H.M.},
  year={1974},
  publisher={Academic Press}
}

@book{titchmarsh1986zeta,
  title={The Theory of the Riemann Zeta-function},
  author={Titchmarsh, E.C. and Heath-Brown, D.R.},
  edition={2},
  year={1986},
  publisher={Oxford}
}

@article{weil1952,
  title={Sur les formules explicites de la théorie des nombres},
  author={Weil, A.},
  journal={Publications Mathématiques de l’IHÉS},
  volume={5},
  year={1959}
}

@book{selberg1989collected,
  title={Collected Papers, Vol. I},
  author={Selberg, A.},
  year={1989},
  publisher={Springer}
}

@article{montgomery1973pair,
  title={The pair correlation of zeros of the zeta function},
  author={Montgomery, H.L.},
  journal={Proc. Sympos. Pure Math.},
  volume={24},
  year={1973}
}
